<record xmlns="http://www.loc.gov/MARC21/slim">
   <leader>09553cas a2201069 a 4500</leader>
   <controlfield tag="001">1368425</controlfield>
   <controlfield tag="008">910402c19859999njubr p       0   a0eng d</controlfield>
   <datafield ind1=" " ind2=" " tag="010">
      <subfield code="a">sn 85000258</subfield>
   </datafield>
   <datafield ind1="0" ind2=" " tag="022">
      <subfield code="a">8756-5641</subfield>
   </datafield>
   <datafield ind1=" " ind2=" " tag="030">
      <subfield code="a">DENEE8</subfield>
   </datafield>
   <datafield ind1=" " ind2=" " tag="035">
      <subfield code="a">ocm11594037</subfield>
   </datafield>
   <datafield ind1=" " ind2=" " tag="040">
      <subfield code="a">NSD</subfield>
      <subfield code="b">eng</subfield>
      <subfield code="c">NSD</subfield>
      <subfield code="d">MH</subfield>
      <subfield code="d">NST</subfield>
      <subfield code="d">MH</subfield>
      <subfield code="d">NST</subfield>
      <subfield code="d">DNLM</subfield>
      <subfield code="d">NST</subfield>
      <subfield code="d">NSD</subfield>
      <subfield code="d">NST</subfield>
      <subfield code="d">AEU</subfield>
   </datafield>
   <datafield ind1=" " ind2=" " tag="042">
      <subfield code="a">nsdp</subfield>
      <subfield code="a">lcd</subfield>
   </datafield>
   <datafield ind1=" " ind2="0" tag="060">
      <subfield code="a">W1</subfield>
      <subfield code="b">DE997UE</subfield>
   </datafield>
   <datafield ind1="1" ind2=" " tag="082">
      <subfield code="a">618</subfield>
      <subfield code="2">11</subfield>
   </datafield>
   <datafield ind1=" " ind2=" " tag="090">
      <subfield code="a">QP 360 D46</subfield>
      <subfield code="b">AEU</subfield>
   </datafield>
   <datafield ind1=" " ind2=" " tag="090">
      <subfield code="a">UNCLASS</subfield>
      <subfield code="b">AEC</subfield>
   </datafield>
   <datafield ind1=" " ind2=" " tag="090">
      <subfield code="a">SHELVED BY TITLE</subfield>
      <subfield code="b">AEG</subfield>
   </datafield>
   <datafield ind1="0" ind2=" " tag="210">
      <subfield code="a">Dev. neuropsychol.</subfield>
   </datafield>
   <datafield ind1=" " ind2="0" tag="222">
      <subfield code="a">Developmental neuropsychology</subfield>
   </datafield>
   <datafield ind1="0" ind2="0" tag="245">
      <subfield code="a">Developmental neuropsychology.</subfield>
   </datafield>
   <datafield ind1=" " ind2=" " tag="260">
      <subfield code="a">Hillsdale, N.J. :</subfield>
      <subfield code="b">Lawrence Erlbaum Associates,</subfield>
      <subfield code="c">1985-</subfield>
   </datafield>
   <datafield ind1=" " ind2=" " tag="300">
      <subfield code="a">v. :</subfield>
      <subfield code="b">ill.</subfield>
      <subfield code="c">23 cm.</subfield>
   </datafield>
   <datafield ind1=" " ind2=" " tag="310">
      <subfield code="a">Bimonthly,</subfield>
      <subfield code="b">1999-</subfield>
   </datafield>
   <datafield ind1=" " ind2=" " tag="321">
      <subfield code="a">Quarterly,</subfield>
      <subfield code="b">1985-1998</subfield>
   </datafield>
   <datafield ind1=" " ind2=" " tag="336">
      <subfield code="a">text</subfield>
      <subfield code="b">txt</subfield>
      <subfield code="2">rdacontent</subfield>
   </datafield>
   <datafield ind1=" " ind2=" " tag="337">
      <subfield code="a">unmediated</subfield>
      <subfield code="b">n</subfield>
      <subfield code="2">rdamedia</subfield>
   </datafield>
   <datafield ind1=" " ind2=" " tag="338">
      <subfield code="a">volume</subfield>
      <subfield code="b">nc</subfield>
      <subfield code="2">rdacarrier</subfield>
   </datafield>
   <datafield ind1="0" ind2=" " tag="362">
      <subfield code="a">Vol. 1, no. 1 (1985)-</subfield>
   </datafield>
   <datafield ind1=" " ind2=" " tag="500">
      <subfield code="a">Title from cover.</subfield>
   </datafield>
   <datafield ind1="1" ind2=" " tag="583">
      <subfield code="a">Committed to retain</subfield>
      <subfield code="c">20120914</subfield>
      <subfield code="d">20221231</subfield>
      <subfield code="f">COPPUL SPAN</subfield>
      <subfield code="5">AEU</subfield>
   </datafield>
   <datafield ind1=" " ind2=" " tag="596">
      <subfield code="a">20 38 58</subfield>
   </datafield>
   <datafield ind1=" " ind2=" " tag="599">
      <subfield code="a">20</subfield>
      <subfield code="b">V. 37 NO. 7-8 NOV/DEC;</subfield>
      <subfield code="b">V. 37 NO. 4 JUL/AUG 2012;</subfield>
      <subfield code="b">V. 37 NO. 6 NOV/DEC 2012;</subfield>
   </datafield>
   <datafield ind1=" " ind2="0" tag="650">
      <subfield code="a">Neuropsychology</subfield>
      <subfield code="v">Periodicals.</subfield>
   </datafield>
   <datafield ind1=" " ind2=" " tag="940">
      <subfield code="a">NO EJOURNAL HOLDINGS</subfield>
   </datafield>
   <datafield ind1=" " ind2=" " tag="926">
      <subfield code="a">QP 360 D46 v.7 1991</subfield>
      <subfield code="w">LCPER</subfield>
      <subfield code="c">1</subfield>
      <subfield code="i">000038924742</subfield>
      <subfield code="d">12/15/1997</subfield>
      <subfield code="l">ON_SHELF</subfield>
      <subfield code="m">UABARD</subfield>
      <subfield code="n">3</subfield>
      <subfield code="p">$150.00</subfield>
      <subfield code="r">Y</subfield>
      <subfield code="s">Y</subfield>
      <subfield code="t">PERIODICAL</subfield>
      <subfield code="u">3/9/1992</subfield>
      <subfield code="o">.STAFF. A0074003</subfield>
   </datafield>
   <datafield ind1=" " ind2=" " tag="926">
      <subfield code="a">QP 360 D46 v.8 1992</subfield>
      <subfield code="w">LCPER</subfield>
      <subfield code="c">1</subfield>
      <subfield code="i">0162000093490</subfield>
      <subfield code="d">3/4/1994</subfield>
      <subfield code="l">ON_SHELF</subfield>
      <subfield code="m">UABARD</subfield>
      <subfield code="n">1</subfield>
      <subfield code="p">$150.00</subfield>
      <subfield code="r">Y</subfield>
      <subfield code="s">Y</subfield>
      <subfield code="t">PERIODICAL</subfield>
      <subfield code="u">8/27/1993</subfield>
      <subfield code="o">.STAFF. A0074154</subfield>
   </datafield>
   <datafield ind1=" " ind2=" " tag="926">
      <subfield code="a">QP 360 D46 v.9 1993</subfield>
      <subfield code="w">LCPER</subfield>
      <subfield code="c">1</subfield>
      <subfield code="i">0162001298841</subfield>
      <subfield code="l">ON_SHELF</subfield>
      <subfield code="m">UABARD</subfield>
      <subfield code="p">$150.00</subfield>
      <subfield code="r">Y</subfield>
      <subfield code="s">Y</subfield>
      <subfield code="t">PERIODICAL</subfield>
      <subfield code="u">7/4/1994</subfield>
      <subfield code="o">.STAFF. A0073966</subfield>
   </datafield>
   <datafield ind1=" " ind2=" " tag="926">
      <subfield code="a">QP 360 D46 v.10 1994</subfield>
      <subfield code="w">LCPER</subfield>
      <subfield code="c">1</subfield>
      <subfield code="i">0162003441274</subfield>
      <subfield code="l">ON_SHELF</subfield>
      <subfield code="m">UABARD</subfield>
      <subfield code="p">$150.00</subfield>
      <subfield code="r">Y</subfield>
      <subfield code="s">Y</subfield>
      <subfield code="t">PERIODICAL</subfield>
      <subfield code="u">8/10/1995</subfield>
      <subfield code="o">.STAFF. A0073966</subfield>
   </datafield>
   <datafield ind1=" " ind2=" " tag="926">
      <subfield code="a">QP 360 D46 v.11 1995</subfield>
      <subfield code="w">LCPER</subfield>
      <subfield code="c">1</subfield>
      <subfield code="i">0162005447188</subfield>
      <subfield code="d">4/26/2005</subfield>
      <subfield code="e">4/21/2005</subfield>
      <subfield code="l">ON_SHELF</subfield>
      <subfield code="m">UABARD</subfield>
      <subfield code="n">1</subfield>
      <subfield code="p">$150.00</subfield>
      <subfield code="r">Y</subfield>
      <subfield code="s">Y</subfield>
      <subfield code="t">PERIODICAL</subfield>
      <subfield code="u">7/31/1996</subfield>
      <subfield code="o">.STAFF. A0073966</subfield>
   </datafield>
   <datafield ind1=" " ind2=" " tag="926">
      <subfield code="a">QP 360 D46 v.12 1996</subfield>
      <subfield code="w">LCPER</subfield>
      <subfield code="c">1</subfield>
      <subfield code="i">0162005701022</subfield>
      <subfield code="d">11/14/2005</subfield>
      <subfield code="e">11/14/2005</subfield>
      <subfield code="l">ON_SHELF</subfield>
      <subfield code="m">UABARD</subfield>
      <subfield code="n">2</subfield>
      <subfield code="p">$150.00</subfield>
      <subfield code="r">Y</subfield>
      <subfield code="s">Y</subfield>
      <subfield code="t">PERIODICAL</subfield>
      <subfield code="u">1/24/1997</subfield>
      <subfield code="o">.STAFF. A0073966</subfield>
   </datafield>
   <datafield ind1=" " ind2=" " tag="926">
      <subfield code="a">QP 360 D46 v.13 1997</subfield>
      <subfield code="w">LCPER</subfield>
      <subfield code="c">1</subfield>
      <subfield code="i">0162007466582</subfield>
      <subfield code="d">10/5/1999</subfield>
      <subfield code="l">ON_SHELF</subfield>
      <subfield code="m">UABARD</subfield>
      <subfield code="n">1</subfield>
      <subfield code="p">$150.00</subfield>
      <subfield code="r">Y</subfield>
      <subfield code="s">Y</subfield>
      <subfield code="t">PERIODICAL</subfield>
      <subfield code="u">2/18/1998</subfield>
      <subfield code="o">.STAFF. A0073966</subfield>
   </datafield>
   <datafield ind1=" " ind2=" " tag="926">
      <subfield code="a">QP 360 D46 v.14 1998</subfield>
      <subfield code="w">LCPER</subfield>
      <subfield code="c">1</subfield>
      <subfield code="i">0162009238104</subfield>
      <subfield code="d">11/26/2008</subfield>
      <subfield code="e">11/25/2008</subfield>
      <subfield code="l">ON_SHELF</subfield>
      <subfield code="m">UABARD</subfield>
      <subfield code="n">1</subfield>
      <subfield code="p">$150.00</subfield>
      <subfield code="r">Y</subfield>
      <subfield code="s">Y</subfield>
      <subfield code="t">PERIODICAL</subfield>
      <subfield code="u">4/21/1999</subfield>
      <subfield code="o">.STAFF. A0073976</subfield>
   </datafield>
   <datafield ind1=" " ind2=" " tag="926">
      <subfield code="a">QP 360 D46 v.15 1999</subfield>
      <subfield code="w">LCPER</subfield>
      <subfield code="c">1</subfield>
      <subfield code="i">0162012096622</subfield>
      <subfield code="d">3/18/2002</subfield>
      <subfield code="l">ON_SHELF</subfield>
      <subfield code="m">UABARD</subfield>
      <subfield code="n">2</subfield>
      <subfield code="p">$150.00</subfield>
      <subfield code="r">Y</subfield>
      <subfield code="s">Y</subfield>
      <subfield code="t">PERIODICAL</subfield>
      <subfield code="u">1/9/2001</subfield>
      <subfield code="o">.STAFF. A0073976</subfield>
   </datafield>
   <datafield ind1=" " ind2=" " tag="926">
      <subfield code="a">QP 360 D46 v.16 1999</subfield>
      <subfield code="w">LCPER</subfield>
      <subfield code="c">1</subfield>
      <subfield code="i">0162012096630</subfield>
      <subfield code="d">7/13/2001</subfield>
      <subfield code="l">ON_SHELF</subfield>
      <subfield code="m">UABARD</subfield>
      <subfield code="n">2</subfield>
      <subfield code="p">$150.00</subfield>
      <subfield code="r">Y</subfield>
      <subfield code="s">Y</subfield>
      <subfield code="t">PERIODICAL</subfield>
      <subfield code="u">1/9/2001</subfield>
      <subfield code="o">.STAFF. A0073966</subfield>
   </datafield>
   <datafield ind1=" " ind2=" " tag="926">
      <subfield code="a">QP 360 D46 v.17:no.1 2000</subfield>
      <subfield code="w">LCPER</subfield>
      <subfield code="c">1</subfield>
      <subfield code="i">0162012720874</subfield>
      <subfield code="d">8/7/2003</subfield>
      <subfield code="e">8/6/2003</subfield>
      <subfield code="l">ON_SHELF</subfield>
      <subfield code="m">UABARD</subfield>
      <subfield code="n">1</subfield>
      <subfield code="p">$150.00</subfield>
      <subfield code="r">Y</subfield>
      <subfield code="s">Y</subfield>
      <subfield code="t">PERIODICAL</subfield>
      <subfield code="u">8/1/2001</subfield>
      <subfield code="o">.STAFF. A0073976</subfield>
   </datafield>
   <datafield ind1=" " ind2=" " tag="926">
      <subfield code="a">QP 360 D46 v.17:no.2 2000</subfield>
      <subfield code="w">LCPER</subfield>
      <subfield code="c">1</subfield>
      <subfield code="i">0162012720882</subfield>
      <subfield code="d">2/4/2002</subfield>
      <subfield code="l">ON_SHELF</subfield>
      <subfield code="m">UABARD</subfield>
      <subfield code="n">1</subfield>
      <subfield code="p">$150.00</subfield>
      <subfield code="r">Y</subfield>
      <subfield code="s">Y</subfield>
      <subfield code="t">PERIODICAL</subfield>
      <subfield code="u">8/1/2001</subfield>
      <subfield code="o">.STAFF. A0073976</subfield>
   </datafield>
   <datafield ind1=" " ind2=" " tag="926">
      <subfield code="a">QP 360 D46 v.17:no.3 2000</subfield>
      <subfield code="w">LCPER</subfield>
      <subfield code="c">1</subfield>
      <subfield code="i">0162012720890</subfield>
      <subfield code="d">2/4/2002</subfield>
      <subfield code="l">ON_SHELF</subfield>
      <subfield code="m">UABARD</subfield>
      <subfield code="n">1</subfield>
      <subfield code="p">$150.00</subfield>
      <subfield code="r">Y</subfield>
      <subfield code="s">Y</subfield>
      <subfield code="t">PERIODICAL</subfield>
      <subfield code="u">8/1/2001</subfield>
      <subfield code="o">.STAFF. A0073976</subfield>
   </datafield>
   <datafield ind1=" " ind2=" " tag="926">
      <subfield code="a">QP 360 D46 v.18:no.1 2000</subfield>
      <subfield code="w">LCPER</subfield>
      <subfield code="c">1</subfield>
      <subfield code="i">0162012720908</subfield>
      <subfield code="l">ON_SHELF</subfield>
      <subfield code="m">UABARD</subfield>
      <subfield code="p">$150.00</subfield>
      <subfield code="r">Y</subfield>
      <subfield code="s">Y</subfield>
      <subfield code="t">PERIODICAL</subfield>
      <subfield code="u">8/1/2001</subfield>
      <subfield code="o">.STAFF. A0073976</subfield>
   </datafield>
   <datafield ind1=" " ind2=" " tag="926">
      <subfield code="a">QP 360 D46 v.18:no.2 2000</subfield>
      <subfield code="w">LCPER</subfield>
      <subfield code="c">1</subfield>
      <subfield code="i">0162012720916</subfield>
      <subfield code="l">ON_SHELF</subfield>
      <subfield code="m">UABARD</subfield>
      <subfield code="p">$150.00</subfield>
      <subfield code="r">Y</subfield>
      <subfield code="s">Y</subfield>
      <subfield code="t">PERIODICAL</subfield>
      <subfield code="u">8/1/2001</subfield>
      <subfield code="o">.STAFF. A0073976</subfield>
   </datafield>
   <datafield ind1=" " ind2=" " tag="926">
      <subfield code="a">QP 360 D46 v.18:no.3 2000</subfield>
      <subfield code="w">LCPER</subfield>
      <subfield code="c">1</subfield>
      <subfield code="i">0162012720924</subfield>
      <subfield code="d">11/13/2002</subfield>
      <subfield code="l">ON_SHELF</subfield>
      <subfield code="m">UABARD</subfield>
      <subfield code="n">2</subfield>
      <subfield code="p">$150.00</subfield>
      <subfield code="r">Y</subfield>
      <subfield code="s">Y</subfield>
      <subfield code="t">PERIODICAL</subfield>
      <subfield code="u">8/1/2001</subfield>
      <subfield code="o">.STAFF. A0073976</subfield>
   </datafield>
   <datafield ind1=" " ind2=" " tag="926">
      <subfield code="a">QP 360 D46 v.19:no.1 2001</subfield>
      <subfield code="w">LCPER</subfield>
      <subfield code="c">1</subfield>
      <subfield code="i">0162012720932</subfield>
      <subfield code="l">ON_SHELF</subfield>
      <subfield code="m">UABARD</subfield>
      <subfield code="p">$150.00</subfield>
      <subfield code="r">Y</subfield>
      <subfield code="s">Y</subfield>
      <subfield code="t">PERIODICAL</subfield>
      <subfield code="u">8/1/2001</subfield>
      <subfield code="o">.STAFF. A0073976</subfield>
   </datafield>
   <datafield ind1=" " ind2=" " tag="926">
      <subfield code="a">QP 360 D46 v.19:no.2 2001</subfield>
      <subfield code="w">LCPER</subfield>
      <subfield code="c">1</subfield>
      <subfield code="i">0162014121022</subfield>
      <subfield code="d">2/4/2002</subfield>
      <subfield code="l">ON_SHELF</subfield>
      <subfield code="m">UABARD</subfield>
      <subfield code="n">1</subfield>
      <subfield code="p">$150.00</subfield>
      <subfield code="r">Y</subfield>
      <subfield code="s">Y</subfield>
      <subfield code="t">PERIODICAL</subfield>
      <subfield code="u">8/31/2001</subfield>
      <subfield code="o">.STAFF. A0073976</subfield>
   </datafield>
   <datafield ind1=" " ind2=" " tag="926">
      <subfield code="a">QP 360 D46 v.20:no.1 2001</subfield>
      <subfield code="w">LCPER</subfield>
      <subfield code="c">1</subfield>
      <subfield code="i">0162014408015</subfield>
      <subfield code="d">2/4/2002</subfield>
      <subfield code="l">ON_SHELF</subfield>
      <subfield code="m">UABARD</subfield>
      <subfield code="n">1</subfield>
      <subfield code="p">$150.00</subfield>
      <subfield code="r">Y</subfield>
      <subfield code="s">Y</subfield>
      <subfield code="t">PERIODICAL</subfield>
      <subfield code="u">1/30/2002</subfield>
      <subfield code="o">.STAFF. A0073976</subfield>
   </datafield>
   <datafield ind1=" " ind2=" " tag="926">
      <subfield code="a">QP 360 D46 v.20:no.2 2001</subfield>
      <subfield code="w">LCPER</subfield>
      <subfield code="c">1</subfield>
      <subfield code="i">0162015117433</subfield>
      <subfield code="l">ON_SHELF</subfield>
      <subfield code="m">UABARD</subfield>
      <subfield code="p">$150.00</subfield>
      <subfield code="r">Y</subfield>
      <subfield code="s">Y</subfield>
      <subfield code="t">PERIODICAL</subfield>
      <subfield code="u">3/14/2002</subfield>
      <subfield code="o">.STAFF. A0073976</subfield>
   </datafield>
   <datafield ind1=" " ind2=" " tag="926">
      <subfield code="a">QP 360 D46 v.20:no.3 2001</subfield>
      <subfield code="w">LCPER</subfield>
      <subfield code="c">1</subfield>
      <subfield code="i">0162015355413</subfield>
      <subfield code="l">ON_SHELF</subfield>
      <subfield code="m">UABARD</subfield>
      <subfield code="p">$150.00</subfield>
      <subfield code="r">Y</subfield>
      <subfield code="s">Y</subfield>
      <subfield code="t">PERIODICAL</subfield>
      <subfield code="u">4/12/2002</subfield>
      <subfield code="o">.STAFF. A0073976</subfield>
   </datafield>
   <datafield ind1=" " ind2=" " tag="926">
      <subfield code="a">QP 360 D46 v.21:no.1 2002</subfield>
      <subfield code="w">LCPER</subfield>
      <subfield code="c">1</subfield>
      <subfield code="i">0162015610700</subfield>
      <subfield code="l">ON_SHELF</subfield>
      <subfield code="m">UABARD</subfield>
      <subfield code="p">$150.00</subfield>
      <subfield code="r">Y</subfield>
      <subfield code="s">Y</subfield>
      <subfield code="t">PERIODICAL</subfield>
      <subfield code="u">6/7/2002</subfield>
      <subfield code="o">.STAFF. A0073976</subfield>
   </datafield>
   <datafield ind1=" " ind2=" " tag="926">
      <subfield code="a">QP 360 D46 v.21:no.2 2002</subfield>
      <subfield code="w">LCPER</subfield>
      <subfield code="c">1</subfield>
      <subfield code="i">0162015955881</subfield>
      <subfield code="l">ON_SHELF</subfield>
      <subfield code="m">UABARD</subfield>
      <subfield code="p">$150.00</subfield>
      <subfield code="r">Y</subfield>
      <subfield code="s">Y</subfield>
      <subfield code="t">PERIODICAL</subfield>
      <subfield code="u">7/16/2002</subfield>
      <subfield code="o">.STAFF. A0073976</subfield>
   </datafield>
   <datafield ind1=" " ind2=" " tag="926">
      <subfield code="a">QP 360 D46 v.21:no.3 2002</subfield>
      <subfield code="w">LCPER</subfield>
      <subfield code="c">1</subfield>
      <subfield code="i">0162016051656</subfield>
      <subfield code="l">ON_SHELF</subfield>
      <subfield code="m">UABARD</subfield>
      <subfield code="p">$150.00</subfield>
      <subfield code="r">Y</subfield>
      <subfield code="s">Y</subfield>
      <subfield code="t">PERIODICAL</subfield>
      <subfield code="u">9/5/2002</subfield>
      <subfield code="o">.STAFF. A0073976</subfield>
   </datafield>
   <datafield ind1=" " ind2=" " tag="926">
      <subfield code="a">QP 360 D46 v.22:no.1 2002</subfield>
      <subfield code="w">LCPER</subfield>
      <subfield code="c">1</subfield>
      <subfield code="i">0162016285411</subfield>
      <subfield code="l">ON_SHELF</subfield>
      <subfield code="m">UABARD</subfield>
      <subfield code="p">$150.00</subfield>
      <subfield code="r">Y</subfield>
      <subfield code="s">Y</subfield>
      <subfield code="t">PERIODICAL</subfield>
      <subfield code="u">10/23/2002</subfield>
      <subfield code="o">.STAFF. A0073976</subfield>
   </datafield>
   <datafield ind1=" " ind2=" " tag="926">
      <subfield code="a">QP 360 D46 v.22:no.2 2002</subfield>
      <subfield code="w">LCPER</subfield>
      <subfield code="c">1</subfield>
      <subfield code="i">0162016761478</subfield>
      <subfield code="l">ON_SHELF</subfield>
      <subfield code="m">UABARD</subfield>
      <subfield code="p">$150.00</subfield>
      <subfield code="r">Y</subfield>
      <subfield code="s">Y</subfield>
      <subfield code="t">PERIODICAL</subfield>
      <subfield code="u">1/23/2003</subfield>
      <subfield code="o">.STAFF. A0073976</subfield>
   </datafield>
   <datafield ind1=" " ind2=" " tag="926">
      <subfield code="a">QP 360 D46 v.22:no.3 2002</subfield>
      <subfield code="w">LCPER</subfield>
      <subfield code="c">1</subfield>
      <subfield code="i">0162017120823</subfield>
      <subfield code="l">ON_SHELF</subfield>
      <subfield code="m">UABARD</subfield>
      <subfield code="p">$150.00</subfield>
      <subfield code="r">Y</subfield>
      <subfield code="s">Y</subfield>
      <subfield code="t">PERIODICAL</subfield>
      <subfield code="u">3/21/2003</subfield>
      <subfield code="o">.STAFF. A0073976</subfield>
   </datafield>
   <datafield ind1=" " ind2=" " tag="926">
      <subfield code="a">Library has holdings</subfield>
      <subfield code="w">LC</subfield>
      <subfield code="c">1</subfield>
      <subfield code="i">1368425-28001</subfield>
      <subfield code="l">ON_SHELF</subfield>
      <subfield code="m">AHSGLENRSE</subfield>
      <subfield code="r">Y</subfield>
      <subfield code="s">Y</subfield>
      <subfield code="t">PERIODICAL</subfield>
      <subfield code="u">6/5/2003</subfield>
   </datafield>
   <datafield ind1=" " ind2=" " tag="926">
      <subfield code="a">QP 360 D46 v.24:no.1 2003</subfield>
      <subfield code="w">LCPER</subfield>
      <subfield code="c">1</subfield>
      <subfield code="i">0162017370758</subfield>
      <subfield code="l">ON_SHELF</subfield>
      <subfield code="m">UABARD</subfield>
      <subfield code="p">$150.00</subfield>
      <subfield code="r">Y</subfield>
      <subfield code="s">Y</subfield>
      <subfield code="t">PERIODICAL</subfield>
      <subfield code="u">9/25/2003</subfield>
      <subfield code="o">.STAFF. A0073976</subfield>
   </datafield>
   <datafield ind1=" " ind2=" " tag="926">
      <subfield code="a">QP 360 D46 v.24:no.2/3 2003</subfield>
      <subfield code="w">LCPER</subfield>
      <subfield code="c">1</subfield>
      <subfield code="i">0162017682459</subfield>
      <subfield code="d">7/6/2004</subfield>
      <subfield code="e">7/2/2004</subfield>
      <subfield code="l">ON_SHELF</subfield>
      <subfield code="m">UABARD</subfield>
      <subfield code="n">1</subfield>
      <subfield code="p">$150.00</subfield>
      <subfield code="r">Y</subfield>
      <subfield code="s">Y</subfield>
      <subfield code="t">PERIODICAL</subfield>
      <subfield code="u">11/10/2003</subfield>
      <subfield code="o">.STAFF. A0073976</subfield>
   </datafield>
   <datafield ind1=" " ind2=" " tag="926">
      <subfield code="a">QP 360 D46 v.25:no.1/2 2004</subfield>
      <subfield code="w">LCPER</subfield>
      <subfield code="c">1</subfield>
      <subfield code="i">0162018498475</subfield>
      <subfield code="d">6/22/2005</subfield>
      <subfield code="e">6/15/2005</subfield>
      <subfield code="l">ON_SHELF</subfield>
      <subfield code="m">UABARD</subfield>
      <subfield code="n">1</subfield>
      <subfield code="p">$150.00</subfield>
      <subfield code="r">Y</subfield>
      <subfield code="s">Y</subfield>
      <subfield code="t">PERIODICAL</subfield>
      <subfield code="u">2/20/2004</subfield>
      <subfield code="o">.STAFF. A0073976</subfield>
   </datafield>
   <datafield ind1=" " ind2=" " tag="926">
      <subfield code="a">QP 360 D46 v.23:no.1/2 2003</subfield>
      <subfield code="w">LCPER</subfield>
      <subfield code="c">1</subfield>
      <subfield code="i">0162018926830</subfield>
      <subfield code="l">ON_SHELF</subfield>
      <subfield code="m">UABARD</subfield>
      <subfield code="p">$150.00</subfield>
      <subfield code="r">Y</subfield>
      <subfield code="s">Y</subfield>
      <subfield code="t">PERIODICAL</subfield>
      <subfield code="u">5/27/2004</subfield>
      <subfield code="o">.STAFF. A0073976</subfield>
   </datafield>
   <datafield ind1=" " ind2=" " tag="926">
      <subfield code="a">QP 360 D46 v.23:no.3 2003</subfield>
      <subfield code="w">LCPER</subfield>
      <subfield code="c">1</subfield>
      <subfield code="i">0162018926822</subfield>
      <subfield code="l">ON_SHELF</subfield>
      <subfield code="m">UABARD</subfield>
      <subfield code="p">$150.00</subfield>
      <subfield code="r">Y</subfield>
      <subfield code="s">Y</subfield>
      <subfield code="t">PERIODICAL</subfield>
      <subfield code="u">5/27/2004</subfield>
      <subfield code="o">.STAFF. A0073976</subfield>
   </datafield>
   <datafield ind1=" " ind2=" " tag="926">
      <subfield code="a">QP 360 D46 v.25:no.3 2004</subfield>
      <subfield code="w">LCPER</subfield>
      <subfield code="c">1</subfield>
      <subfield code="i">0162018605020</subfield>
      <subfield code="l">ON_SHELF</subfield>
      <subfield code="m">UABARD</subfield>
      <subfield code="p">$150.00</subfield>
      <subfield code="r">Y</subfield>
      <subfield code="s">Y</subfield>
      <subfield code="t">PERIODICAL</subfield>
      <subfield code="u">6/7/2004</subfield>
      <subfield code="o">.STAFF. A0073976</subfield>
   </datafield>
   <datafield ind1=" " ind2=" " tag="926">
      <subfield code="a">QP 360 D46 v.26:no.1 2004</subfield>
      <subfield code="w">LCPER</subfield>
      <subfield code="c">1</subfield>
      <subfield code="i">0162019344801</subfield>
      <subfield code="d">6/22/2005</subfield>
      <subfield code="e">6/15/2005</subfield>
      <subfield code="l">ON_SHELF</subfield>
      <subfield code="m">UABARD</subfield>
      <subfield code="n">1</subfield>
      <subfield code="p">$150.00</subfield>
      <subfield code="r">Y</subfield>
      <subfield code="s">Y</subfield>
      <subfield code="t">PERIODICAL</subfield>
      <subfield code="u">8/13/2004</subfield>
      <subfield code="o">.STAFF. A0073976</subfield>
   </datafield>
   <datafield ind1=" " ind2=" " tag="926">
      <subfield code="a">QP 360 D46 v.26:no.2 2004</subfield>
      <subfield code="w">LCPER</subfield>
      <subfield code="c">1</subfield>
      <subfield code="i">0162019345451</subfield>
      <subfield code="l">ON_SHELF</subfield>
      <subfield code="m">UABARD</subfield>
      <subfield code="p">$150.00</subfield>
      <subfield code="r">Y</subfield>
      <subfield code="s">Y</subfield>
      <subfield code="t">PERIODICAL</subfield>
      <subfield code="u">10/5/2004</subfield>
      <subfield code="o">.STAFF. A0073976</subfield>
   </datafield>
   <datafield ind1=" " ind2=" " tag="926">
      <subfield code="a">QP 360 D46 v.26:no.3 2004</subfield>
      <subfield code="w">LCPER</subfield>
      <subfield code="c">1</subfield>
      <subfield code="i">0162019631413</subfield>
      <subfield code="l">ON_SHELF</subfield>
      <subfield code="m">UABARD</subfield>
      <subfield code="p">$150.00</subfield>
      <subfield code="r">Y</subfield>
      <subfield code="s">Y</subfield>
      <subfield code="t">PERIODICAL</subfield>
      <subfield code="u">12/1/2004</subfield>
      <subfield code="o">.STAFF. A0073976</subfield>
   </datafield>
   <datafield ind1=" " ind2=" " tag="926">
      <subfield code="a">QP 360 D46 v.27:no.1 2005</subfield>
      <subfield code="w">LCPER</subfield>
      <subfield code="c">1</subfield>
      <subfield code="i">0162020056303</subfield>
      <subfield code="d">11/8/2006</subfield>
      <subfield code="e">11/8/2006</subfield>
      <subfield code="l">ON_SHELF</subfield>
      <subfield code="m">UABARD</subfield>
      <subfield code="n">2</subfield>
      <subfield code="p">$150.00</subfield>
      <subfield code="r">Y</subfield>
      <subfield code="s">Y</subfield>
      <subfield code="t">PERIODICAL</subfield>
      <subfield code="u">2/14/2005</subfield>
      <subfield code="o">.STAFF. A0073976</subfield>
   </datafield>
   <datafield ind1=" " ind2=" " tag="926">
      <subfield code="a">QP 360 D46 v.27:no.2 2005</subfield>
      <subfield code="w">LCPER</subfield>
      <subfield code="c">1</subfield>
      <subfield code="i">0162019775046</subfield>
      <subfield code="d">6/13/2005</subfield>
      <subfield code="e">6/9/2005</subfield>
      <subfield code="l">ON_SHELF</subfield>
      <subfield code="m">UABARD</subfield>
      <subfield code="n">1</subfield>
      <subfield code="p">$150.00</subfield>
      <subfield code="r">Y</subfield>
      <subfield code="s">Y</subfield>
      <subfield code="t">PERIODICAL</subfield>
      <subfield code="u">3/23/2005</subfield>
      <subfield code="o">.STAFF. A0073976</subfield>
   </datafield>
   <datafield ind1=" " ind2=" " tag="926">
      <subfield code="a">QP 360 D46 v.27:no.3 2005</subfield>
      <subfield code="w">LCPER</subfield>
      <subfield code="c">1</subfield>
      <subfield code="i">0162017837087</subfield>
      <subfield code="l">ON_SHELF</subfield>
      <subfield code="m">UABARD</subfield>
      <subfield code="p">$150.00</subfield>
      <subfield code="r">Y</subfield>
      <subfield code="s">Y</subfield>
      <subfield code="t">PERIODICAL</subfield>
      <subfield code="u">5/25/2005</subfield>
      <subfield code="o">.STAFF. A0073976</subfield>
   </datafield>
   <datafield ind1=" " ind2=" " tag="926">
      <subfield code="a">QP 360 D46 v.28:no.1 2005</subfield>
      <subfield code="w">LCPER</subfield>
      <subfield code="c">1</subfield>
      <subfield code="i">0162020539993</subfield>
      <subfield code="d">10/18/2006</subfield>
      <subfield code="e">10/14/2006</subfield>
      <subfield code="l">ON_SHELF</subfield>
      <subfield code="m">UABARD</subfield>
      <subfield code="n">1</subfield>
      <subfield code="p">$150.00</subfield>
      <subfield code="r">Y</subfield>
      <subfield code="s">Y</subfield>
      <subfield code="t">PERIODICAL</subfield>
      <subfield code="u">7/28/2005</subfield>
      <subfield code="o">.STAFF. A0073976</subfield>
   </datafield>
   <datafield ind1=" " ind2=" " tag="926">
      <subfield code="a">QP 360 D46 v.28:no.2 2005</subfield>
      <subfield code="w">LCPER</subfield>
      <subfield code="c">1</subfield>
      <subfield code="i">0162020811616</subfield>
      <subfield code="l">ON_SHELF</subfield>
      <subfield code="m">UABARD</subfield>
      <subfield code="p">$150.00</subfield>
      <subfield code="r">Y</subfield>
      <subfield code="s">Y</subfield>
      <subfield code="t">PERIODICAL</subfield>
      <subfield code="u">10/4/2005</subfield>
      <subfield code="o">.STAFF. A0073976</subfield>
   </datafield>
   <datafield ind1=" " ind2=" " tag="926">
      <subfield code="a">QP 360 D46 v.28:no.3 2005</subfield>
      <subfield code="w">LCPER</subfield>
      <subfield code="c">1</subfield>
      <subfield code="i">0162021927072</subfield>
      <subfield code="l">ON_SHELF</subfield>
      <subfield code="m">UABARD</subfield>
      <subfield code="p">$150.00</subfield>
      <subfield code="r">Y</subfield>
      <subfield code="s">Y</subfield>
      <subfield code="t">PERIODICAL</subfield>
      <subfield code="u">12/6/2005</subfield>
      <subfield code="o">.STAFF. A0073976</subfield>
   </datafield>
   <datafield ind1=" " ind2=" " tag="926">
      <subfield code="a">QP 360 D46 v.29:no.1 2006</subfield>
      <subfield code="w">LCPER</subfield>
      <subfield code="c">1</subfield>
      <subfield code="i">0162021319130</subfield>
      <subfield code="d">9/15/2006</subfield>
      <subfield code="e">9/14/2006</subfield>
      <subfield code="l">ON_SHELF</subfield>
      <subfield code="m">UABARD</subfield>
      <subfield code="n">1</subfield>
      <subfield code="p">$150.00</subfield>
      <subfield code="r">Y</subfield>
      <subfield code="s">Y</subfield>
      <subfield code="t">PERIODICAL</subfield>
      <subfield code="u">2/8/2006</subfield>
      <subfield code="o">.STAFF. A0073976</subfield>
   </datafield>
   <datafield ind1=" " ind2=" " tag="926">
      <subfield code="a">QP 360 D46 v.29:no.2 2006</subfield>
      <subfield code="w">LCPER</subfield>
      <subfield code="c">1</subfield>
      <subfield code="i">0162021993744</subfield>
      <subfield code="l">ON_SHELF</subfield>
      <subfield code="m">UABARD</subfield>
      <subfield code="p">$150.00</subfield>
      <subfield code="r">Y</subfield>
      <subfield code="s">Y</subfield>
      <subfield code="t">PERIODICAL</subfield>
      <subfield code="u">4/12/2006</subfield>
      <subfield code="o">.STAFF. A0073976</subfield>
   </datafield>
   <datafield ind1=" " ind2=" " tag="926">
      <subfield code="a">QP 360 D46 v.29:no.3 2006</subfield>
      <subfield code="w">LCPER</subfield>
      <subfield code="c">1</subfield>
      <subfield code="i">0162022057713</subfield>
      <subfield code="d">5/11/2007</subfield>
      <subfield code="l">ON_SHELF</subfield>
      <subfield code="m">UABARD</subfield>
      <subfield code="p">$150.00</subfield>
      <subfield code="r">Y</subfield>
      <subfield code="s">Y</subfield>
      <subfield code="t">PERIODICAL</subfield>
      <subfield code="u">6/5/2006</subfield>
      <subfield code="o">.STAFF. A0073976</subfield>
   </datafield>
   <datafield ind1=" " ind2=" " tag="926">
      <subfield code="a">QP 360 D46 v.30:no.1 2006</subfield>
      <subfield code="w">LCPER</subfield>
      <subfield code="c">1</subfield>
      <subfield code="i">0162022028748</subfield>
      <subfield code="l">ON_SHELF</subfield>
      <subfield code="m">UABARD</subfield>
      <subfield code="p">$150.00</subfield>
      <subfield code="r">Y</subfield>
      <subfield code="s">Y</subfield>
      <subfield code="t">PERIODICAL</subfield>
      <subfield code="u">8/30/2006</subfield>
      <subfield code="o">.STAFF. A0073976</subfield>
   </datafield>
   <datafield ind1=" " ind2=" " tag="926">
      <subfield code="a">QP 360 D46 v.30:no.2 2006</subfield>
      <subfield code="w">LCPER</subfield>
      <subfield code="c">1</subfield>
      <subfield code="i">0162022879892</subfield>
      <subfield code="l">ON_SHELF</subfield>
      <subfield code="m">UABARD</subfield>
      <subfield code="p">$150.00</subfield>
      <subfield code="r">Y</subfield>
      <subfield code="s">Y</subfield>
      <subfield code="t">PERIODICAL</subfield>
      <subfield code="u">10/25/2006</subfield>
      <subfield code="o">.STAFF. A0073976</subfield>
   </datafield>
   <datafield ind1=" " ind2=" " tag="926">
      <subfield code="a">QP 360 D46 v.30:no.3 2006</subfield>
      <subfield code="w">LCPER</subfield>
      <subfield code="c">1</subfield>
      <subfield code="i">0162022958001</subfield>
      <subfield code="l">ON_SHELF</subfield>
      <subfield code="m">UABARD</subfield>
      <subfield code="p">$150.00</subfield>
      <subfield code="r">Y</subfield>
      <subfield code="s">Y</subfield>
      <subfield code="t">PERIODICAL</subfield>
      <subfield code="u">12/1/2006</subfield>
      <subfield code="o">.STAFF. A0073976</subfield>
   </datafield>
   <datafield ind1=" " ind2=" " tag="926">
      <subfield code="a">QP 360 D46 v.31:no.1 2007</subfield>
      <subfield code="w">LCPER</subfield>
      <subfield code="c">1</subfield>
      <subfield code="i">0162023329798</subfield>
      <subfield code="l">ON_SHELF</subfield>
      <subfield code="m">UABARD</subfield>
      <subfield code="p">$150.00</subfield>
      <subfield code="r">Y</subfield>
      <subfield code="s">Y</subfield>
      <subfield code="t">PERIODICAL</subfield>
      <subfield code="u">3/13/2007</subfield>
      <subfield code="o">.STAFF. A0073970</subfield>
   </datafield>
   <datafield ind1=" " ind2=" " tag="926">
      <subfield code="a">QP 360 D46 v.31:no.2 2007</subfield>
      <subfield code="w">LCPER</subfield>
      <subfield code="c">1</subfield>
      <subfield code="i">0162023735747</subfield>
      <subfield code="l">ON_SHELF</subfield>
      <subfield code="m">UABARD</subfield>
      <subfield code="p">$150.00</subfield>
      <subfield code="r">Y</subfield>
      <subfield code="s">Y</subfield>
      <subfield code="t">PERIODICAL</subfield>
      <subfield code="u">4/26/2007</subfield>
      <subfield code="o">.STAFF. A0073976</subfield>
   </datafield>
   <datafield ind1=" " ind2=" " tag="926">
      <subfield code="a">QP 360 D46 v.31:no.3 2007</subfield>
      <subfield code="w">LCPER</subfield>
      <subfield code="c">1</subfield>
      <subfield code="i">0162023746892</subfield>
      <subfield code="l">ON_SHELF</subfield>
      <subfield code="m">UABARD</subfield>
      <subfield code="p">$150.00</subfield>
      <subfield code="r">Y</subfield>
      <subfield code="s">Y</subfield>
      <subfield code="t">PERIODICAL</subfield>
      <subfield code="u">6/14/2007</subfield>
      <subfield code="o">.STAFF. A0073976</subfield>
   </datafield>
   <datafield ind1=" " ind2=" " tag="926">
      <subfield code="a">QP 360 D46 v.32:no.1 2007</subfield>
      <subfield code="w">LCPER</subfield>
      <subfield code="c">1</subfield>
      <subfield code="i">0162023712464</subfield>
      <subfield code="l">ON_SHELF</subfield>
      <subfield code="m">UABARD</subfield>
      <subfield code="p">$150.00</subfield>
      <subfield code="r">Y</subfield>
      <subfield code="s">Y</subfield>
      <subfield code="t">PERIODICAL</subfield>
      <subfield code="u">8/2/2007</subfield>
      <subfield code="o">.STAFF. A0073976</subfield>
   </datafield>
   <datafield ind1=" " ind2=" " tag="926">
      <subfield code="a">QP 360 D46 v.32:no.2 2007</subfield>
      <subfield code="w">LCPER</subfield>
      <subfield code="c">1</subfield>
      <subfield code="i">0162024409490</subfield>
      <subfield code="l">ON_SHELF</subfield>
      <subfield code="m">UABARD</subfield>
      <subfield code="p">$150.00</subfield>
      <subfield code="r">Y</subfield>
      <subfield code="s">Y</subfield>
      <subfield code="t">PERIODICAL</subfield>
      <subfield code="u">10/10/2007</subfield>
      <subfield code="o">.STAFF. A0073976</subfield>
   </datafield>
   <datafield ind1=" " ind2=" " tag="926">
      <subfield code="a">QP 360 D46 v.32:no.3 2007</subfield>
      <subfield code="w">LCPER</subfield>
      <subfield code="c">1</subfield>
      <subfield code="i">0162024422782</subfield>
      <subfield code="l">ON_SHELF</subfield>
      <subfield code="m">UABARD</subfield>
      <subfield code="p">$150.00</subfield>
      <subfield code="r">Y</subfield>
      <subfield code="s">Y</subfield>
      <subfield code="t">PERIODICAL</subfield>
      <subfield code="u">11/22/2007</subfield>
      <subfield code="o">.STAFF. A0073976</subfield>
   </datafield>
   <datafield ind1=" " ind2=" " tag="926">
      <subfield code="a">QP 360 D46 v.19:no.3 2001</subfield>
      <subfield code="w">LCPER</subfield>
      <subfield code="c">1</subfield>
      <subfield code="i">0162027370095</subfield>
      <subfield code="l">ON_SHELF</subfield>
      <subfield code="m">UABARD</subfield>
      <subfield code="r">Y</subfield>
      <subfield code="s">Y</subfield>
      <subfield code="t">PERIODICAL</subfield>
      <subfield code="u">3/3/2009</subfield>
      <subfield code="o">.STAFF. A0073976</subfield>
   </datafield>
   <datafield ind1=" " ind2=" " tag="926">
      <subfield code="a">SHELVED BY TITLE</subfield>
      <subfield code="w">LC</subfield>
      <subfield code="c">1</subfield>
      <subfield code="i">0163795001102</subfield>
      <subfield code="l">PERIODICAL</subfield>
      <subfield code="m">AHS_ACH</subfield>
      <subfield code="r">Y</subfield>
      <subfield code="s">Y</subfield>
      <subfield code="t">PERIODICAL</subfield>
      <subfield code="u">10/29/2015</subfield>
   </datafield>
</record>
